<record><leader>00000cas a22000007a 4500</leader><controlfield tag="001">10182179</controlfield><controlfield tag="008">831202c18939999ksuwr ne      0   a0eng d</controlfield><datafield ind1=" " ind2=" " tag="010"><subfield code="a">sn 83040937 </subfield></datafield><datafield ind1=" " ind2=" " tag="040"><subfield code="a">KSH</subfield><subfield code="b">eng</subfield><subfield code="c">KSH</subfield><subfield code="d">NPT</subfield><subfield code="d">OCLCQ</subfield></datafield><datafield ind1=" " ind2=" " tag="042"><subfield code="a">msc</subfield></datafield><datafield ind1=" " ind2=" " tag="043"><subfield code="a">n-us-ks</subfield></datafield><datafield ind1="0" ind2=" " tag="130"><subfield code="a">Kansan (Jamestown, Kan. : 1893)</subfield></datafield><datafield ind1="1" ind2="4" tag="245"><subfield code="a">The Kansan.</subfield></datafield><datafield ind1="3" ind2="0" tag="246"><subfield code="a">Concordia daily Kansan and the Kansan</subfield></datafield><datafield ind1=" " ind2=" " tag="260"><subfield code="a">Jamestown, Kan. :</subfield><subfield code="b">M.D. Sutherlin,</subfield><subfield code="c">1893-</subfield></datafield><datafield ind1=" " ind2=" " tag="300"><subfield code="a">v.</subfield></datafield><datafield ind1=" " ind2=" " tag="310"><subfield code="a">Weekly</subfield></datafield><datafield ind1="0" ind2=" " tag="362"><subfield code="a">Vol. 12, no. 52 (Nov. 3, 1893)-</subfield></datafield><datafield ind1=" " ind2=" " tag="500"><subfield code="a">Jamestown became Concordia April 1895.</subfield></datafield><datafield ind1=" " ind2=" " tag="500"><subfield code="a">Published as: Concordia daily Kansan and the Kansas Sept. 28, Dec. 14, and Dec. 21, 1905.</subfield></datafield><datafield ind1=" " ind2=" " tag="525"><subfield code="a">Supplements accompany some issues.</subfield></datafield><datafield ind1=" " ind2=" " tag="752"><subfield code="a">United States</subfield><subfield code="b">Kansas</subfield><subfield code="c">Cloud</subfield><subfield code="d">Jamestown.</subfield></datafield><datafield ind1=" " ind2=" " tag="752"><subfield code="a">United States</subfield><subfield code="b">Kansas</subfield><subfield code="c">Cloud</subfield><subfield code="d">Concordia.</subfield></datafield><datafield ind1="0" ind2="0" tag="780"><subfield code="t">Jamestown new era</subfield><subfield code="w">(DLC)sn 83041001</subfield></datafield><datafield ind1="0" ind2="5" tag="780"><subfield code="t">Alliant</subfield><subfield code="g">Apr. 1895</subfield><subfield code="w">(DLC)sn 83040831</subfield></datafield><datafield ind1="0" ind2="5" tag="780"><subfield code="t">Concordia empire (Concordia, Kan. : 1904)</subfield><subfield code="g">May 1919</subfield><subfield code="w">(DLC)sn 83040844</subfield></datafield><datafield ind1="0" ind2="5" tag="780"><subfield code="t">Concordia press</subfield><subfield code="g">Oct. 1947</subfield><subfield code="w">(DLC)sn 83040852</subfield></datafield><datafield ind1="1" ind2=" " tag="029"><subfield code="a">AU@</subfield><subfield code="b">000025806245</subfield></datafield></record>